<?xml version="1.0" encoding="UTF-8"?><collection xmlns="http://www.loc.gov/MARC21/slim"><record><leader>00528nam--2200193-u-4500</leader><controlfield tag="001">000052723</controlfield><controlfield tag="002">20161230</controlfield><controlfield tag="005">20161230201050</controlfield><controlfield tag="008">101006s1000------------r-----000-0-rus-d</controlfield><datafield ind1=" " ind2=" " tag="040"><subfield code="a">IFIN-HH</subfield></datafield><datafield ind1=" " ind2=" " tag="041"><subfield code="a">rus</subfield></datafield><datafield ind1=" " ind2=" " tag="080"><subfield code="a">534.83</subfield></datafield><datafield ind1="1" ind2=" " tag="100"><subfield code="a">Macdonald, D.K.C</subfield></datafield><datafield ind1="1" ind2="0" tag="245"><subfield code="a">Vvedemie v fizicu sumov i fluktuatii</subfield><subfield code="c">D.K.C. MacDonald</subfield></datafield><datafield ind1=" " ind2=" " tag="260"><subfield code="a">Moskva</subfield><subfield code="b">Mir</subfield><subfield code="c">1964</subfield></datafield><datafield ind1=" " ind2=" " tag="300"><subfield code="a">158 p</subfield></datafield><datafield ind1=" " ind2=" " tag="500"><subfield code="a">Titlul original in lb. engleza: Noise and Fluctuations: An Introductuin</subfield></datafield><datafield ind1=" " ind2=" " tag="852"><subfield code="a">9731</subfield><subfield code="c">534</subfield></datafield><datafield ind1=" " ind2=" " tag="CAT"><subfield code="a">Sys</subfield><subfield code="c">20101006</subfield><subfield code="h">124227</subfield></datafield></record></collection>